% !Mode:: "TeX:UTF-8"

%[王良才, 张文信. 机械设计基础[D]. , 2007.
@book{wang2007jixieshejijichu,
  title={机械设计基础},
  author={王良才等},
  year={2007},
  month={July},
  address={北京},
  pages={72-73},
  publisher={北京大学出版社},
  language =     {Chinese}
}

@article{zhang2014loam,
  title={LOAM: Lidar Odometry and Mapping in Real-time.},
  author={Zhang, Ji and Singh, Sanjiv},
  booktitle={Robotics: Science and Systems},
  volume={2},
  pages={9},
  year={2014}
}